<?xml version="1.0" encoding="UTF-8"?><record xmlns="http://www.loc.gov/MARC21/slim" xmlns:cinclude="http://apache.org/cocoon/include/1.0" xmlns:zs="http://www.loc.gov/zing/srw/">
  <leader>00422nz  a2200121n  4500</leader>
  <controlfield tag="001">n 2005064656</controlfield>
  <controlfield tag="003">DLC</controlfield>
  <controlfield tag="005">20050830164523.0</controlfield>
  <controlfield tag="008">050830n| acannaabn          |n aaa      </controlfield>
  <datafield tag="010" ind1=" " ind2=" ">
    <subfield code="a">n 2005064656</subfield>
  </datafield>
  <datafield tag="040" ind1=" " ind2=" ">
    <subfield code="a">DLC</subfield>
    <subfield code="b">eng</subfield>
    <subfield code="c">DLC</subfield>
  </datafield>
  <datafield tag="100" ind1="1" ind2=" ">
    <subfield code="a">Hondelatte, Christophe</subfield>
  </datafield>
  <datafield tag="670" ind1=" " ind2=" ">
    <subfield code="a">Hondelatte, Christophe. Faites entrer l'accuse패, 2005-:</subfield>
    <subfield code="b">t.p. (Christophe Hondelatte) p. 4 of cover (pre패senteur de l'e패mission "Faites entrer l'accuse패")</subfield>
  </datafield>
</record>